<?xml version="1.0" encoding="UTF-8"?><collection xmlns="http://www.loc.gov/MARC21/slim"><record><leader>00612nam--2200193-i-4500</leader><controlfield tag="001">000009459</controlfield><controlfield tag="002">20161230</controlfield><controlfield tag="005">20161230201028</controlfield><controlfield tag="008">060222s1000------------r-----000-0-eng-d</controlfield><datafield ind1=" " ind2=" " tag="040"><subfield code="a">IFIN-HH</subfield></datafield><datafield ind1=" " ind2=" " tag="080"><subfield code="a">519.4</subfield></datafield><datafield ind1="1" ind2=" " tag="100"><subfield code="a">Butzer, Paul L</subfield></datafield><datafield ind1="1" ind2="0" tag="245"><subfield code="a">Semi-groups of operators and approximation</subfield><subfield code="c">Paul l. butzer, hubert berens</subfield></datafield><datafield ind1=" " ind2=" " tag="260"><subfield code="a">Berlin</subfield><subfield code="b">Springer-verlag</subfield><subfield code="c">1967</subfield></datafield><datafield ind1=" " ind2=" " tag="300"><subfield code="a">XI + 321 P</subfield></datafield><datafield ind1=" " ind2=" " tag="490"><subfield code="a">Die Grundlehren Der Mathematischen Wissenschaften In Einzeldarstellungen Mit Besonderer Beruhsic</subfield><subfield code="v">Band 145</subfield></datafield><datafield ind1="1" ind2=" " tag="700"><subfield code="a">Berens, Hubert</subfield></datafield><datafield ind1=" " ind2=" " tag="852"><subfield code="a">33817</subfield><subfield code="c">519.4/5</subfield></datafield><datafield ind1=" " ind2=" " tag="CAT"><subfield code="a">Sys</subfield><subfield code="c">20130812</subfield><subfield code="h">162653</subfield></datafield></record></collection>